
@misc{noauthor_random_2025,
	title = {Random walk},
	copyright = {Creative Commons Attribution-ShareAlike License},
	url = {https://en.wikipedia.org/w/index.php?title=Random_walk&oldid=1273087907},
	abstract = {In mathematics, a random walk, sometimes known as a drunkard's walk, is a stochastic process that describes a path that consists of a succession of random steps on some mathematical space.
An elementary example of a random walk is the random walk on the integer number line 
  
    
      
        
          Z
        
      
    
    \{{\textbackslash}displaystyle {\textbackslash}mathbb \{Z\} \}
  
 which starts at 0, and at each step moves +1 or −1 with equal probability. Other examples include the path traced by a molecule as it travels in a liquid or a gas (see Brownian motion), the search path of a foraging animal, or the price of a fluctuating stock and the financial status of a gambler. Random walks have applications to engineering and many scientific fields including ecology, psychology, computer science, physics, chemistry, biology, economics, and sociology. The term random walk was first introduced by Karl Pearson in 1905.
Realizations of random walks can be obtained by Monte Carlo simulation.},
	language = {en},
	urldate = {2025-02-04},
	journal = {Wikipedia},
	month = jan,
	year = {2025},
	note = {Page Version ID: 1273087907},
	file = {Snapshot:/home/leon/Zotero/storage/B3SZN4DV/Random_walk.html:text/html},
}

@techreport{noauthor_versuchsanleitung_2024,
	address = {Physikalisches Fortgeschrittenenpraktikum},
	title = {Versuchsanleitung {Monte} {Carlo} {Simulation}},
	institution = {Universität Konstanz},
	month = oct,
	year = {2024},
	pages = {3},
	file = {PDF:/home/leon/Zotero/storage/NJH6CKVF/Allen and Tildesly - Literatur (mit Links, nur im Uni-Netz funktionsfähig).pdf:application/pdf},
}

@misc{noauthor_wiener_2025,
	title = {Wiener process},
	copyright = {Creative Commons Attribution-ShareAlike License},
	url = {https://en.wikipedia.org/w/index.php?title=Wiener_process&oldid=1268823478},
	abstract = {In mathematics, the Wiener process (or Brownian motion, due to its historical connection with the physical process of the same name) is a real-valued continuous-time stochastic process discovered by Norbert Wiener. It is one of the best known Lévy processes (càdlàg stochastic processes with stationary independent increments). It occurs frequently in pure and applied mathematics, economics, quantitative finance, evolutionary biology, and physics.
The Wiener process plays an important role in both pure and applied mathematics. In pure mathematics, the Wiener process gave rise to the study of continuous time martingales. It is a key process in terms of which more complicated stochastic processes can be described. As such, it plays a vital role in stochastic calculus, diffusion processes and even potential theory. It is the driving process of Schramm–Loewner evolution. In applied mathematics, the Wiener process is used to represent the integral of a white noise Gaussian process, and so is useful as a model of noise in electronics engineering (see Brownian noise), instrument errors in filtering theory and disturbances in control theory.
The Wiener process has applications throughout the mathematical sciences. In physics it is used to study Brownian motion and other types of diffusion via the Fokker–Planck and Langevin equations. It also forms the basis for the rigorous path integral formulation of quantum mechanics (by the Feynman–Kac formula, a solution to the Schrödinger equation can be represented in terms of the Wiener process) and the study of eternal inflation in physical cosmology. It is also prominent in the mathematical theory of finance, in particular the Black–Scholes option pricing model.},
	language = {en},
	urldate = {2025-02-04},
	journal = {Wikipedia},
	month = jan,
	year = {2025},
	note = {Page Version ID: 1268823478},
	file = {Snapshot:/home/leon/Zotero/storage/J5DJUDGC/Wiener_process.html:text/html},
}

@misc{noauthor_mittlere_2023,
	title = {Mittlere quadratische {Verschiebung}},
	copyright = {Creative Commons Attribution-ShareAlike License},
	url = {https://de.wikipedia.org/w/index.php?title=Mittlere_quadratische_Verschiebung&oldid=234078066},
	abstract = {Die mittlere quadratische Verschiebung 
  
    
      
        ⟨
        
          r
          
            2
          
        
        (
        τ
        )
        ⟩
      
    
    \{{\textbackslash}displaystyle {\textbackslash}langle r{\textasciicircum}\{2\}({\textbackslash}tau ){\textbackslash}rangle \}
  
 (englisch mean squared displacement MSD) ist in der statistischen Physik ein Maß für die Strecke, die ein Teilchen im Mittel (z. B. über viele Versuche) in einer gewissen Zeit zurücklegt. Dieses Maß ist besonders bei der Beschreibung Brownscher Dynamik und anderen Zufallsbewegungen wichtig, da dort typischerweise keine ausgezeichnete Richtung vorliegt, entlang der man eine zurückgelegte Strecke messen könnte.},
	language = {de},
	urldate = {2025-02-04},
	journal = {Wikipedia},
	month = may,
	year = {2023},
	note = {Page Version ID: 234078066},
	file = {Snapshot:/home/leon/Zotero/storage/B98QLJFP/Mittlere_quadratische_Verschiebung.html:text/html},
}

@misc{noauthor_metropolis-algorithmus_2024,
	title = {Metropolis-{Algorithmus}},
	copyright = {Creative Commons Attribution-ShareAlike License},
	url = {https://de.wikipedia.org/w/index.php?title=Metropolis-Algorithmus&oldid=250366980},
	abstract = {Der Metropolis-Algorithmus ist ein Markov-Chain-Monte-Carlo-Verfahren (MCMC) zur Erzeugung von Zuständen eines Systems entsprechend der Boltzmann-Verteilung. Der davon abgeleitete, allgemeinere Metropolis-Hastings-Algorithmus ermöglicht es, Folgen von Zufallsvariablen, genauer Markow-Ketten, zu simulieren, die eine gewünschte Verteilung als stationäre Verteilung besitzen, insbesondere in vielen Fällen, bei denen die Verteilungen der Zufallsvariablen nicht direkt simuliert werden können.},
	language = {de},
	urldate = {2025-02-04},
	journal = {Wikipedia},
	month = nov,
	year = {2024},
	note = {Page Version ID: 250366980},
	file = {Snapshot:/home/leon/Zotero/storage/U4WULWXZ/Metropolis-Algorithmus.html:text/html},
}
