@manual{instructions,
	title = "Terranova-MRI EFNMR Student Guide",
	author = "Meghan E. Halse",
	year = "2006",
	organization = "Magritek Limited",
}

@book{Buch,
	title = "Medizinische Physik: Grundlagen - Bildgebung - Therapie - Technik",
	author = "Wolfgang Schlegel, Christian P. Karger, Oliver JÃ¤kel",
	year = "2018",
	publisher = "Springer Spektrum",
}