@manual{instructions,
	title = "Noise Fundamentals NF1-A - Instructor's Manual",
	year = "2011",
	organization = "TeachSpin, Inc.",
	url = "www.TeachSpin.com"
}

@misc{ wiki:msd,
	author = "Wikipedia",
	title = "Mittlere quadratische Verschiebung --- Wikipedia",
	year = "2023",
	url = "https://de.wikipedia.org/w/index.php?title=Mittlere_quadratische_Verschiebung&oldid=234078066",
}

@misc{jl:msd,
	title = "MeanSquaredDisplacement.jl",
	url = "https://github.com/mastrof/MeanSquaredDisplacement.jl",
	author = "Riccardo Foffi",
	year = "2023"
}

@misc{jl:kde,
	title = "KernelDensity.jl",
	url="https://github.com/JuliaStats/KernelDensity.jl",
	author = "JuliaStats",
	year = "2024",
}

@misc{n:water, 
	url={https://wiki.anton-paar.com/en/water/}, 
	author={Anton Paar},
	note = {IAPWS},
	year = {2008},
} 
